% This file was created with JabRef 2.7b.
% Encoding: ISO8859_1

@ARTICLE{abbottAltenkirchGhani2005containers,
  author = {Michael Abbott and Thorsten Altenkirch and Neil Ghani},
  title = {Containers: Constructing strictly positive types},
  journal = {Theoretical Computer Science},
  year = {2005},
  volume = {342},
  pages = {3 -- 27},
  number = {1},
  file = {:abbottAltenkirchGhani2005containers.pdf:PDF},
  issn = {0304-3975},
  keywords = {Type theory},
  owner = {csfnf},
  timestamp = {2011.02.15}
}

@ARTICLE{aczel1999typesandsets,
  author = {Peter Aczel},
  title = {On Relating Type Theories and Set Theories},
  journal = {Lecture Notes In Computer Science},
  year = {1999},
  volume = {1657},
  pages = {1--18},
  file = {:aczel1999typesandsets.pdf:PDF},
  owner = {csfnf},
  publisher = {Springer-Verlag London, UK},
  timestamp = {2010.01.13}
}

@INCOLLECTION{aczel1977indDef,
  author = {Peter Aczel},
  title = {An Introduction to Inductive Definitions},
  booktitle = {Handbook of Mathematical Logic},
  publisher = {Elsevier},
  year = {1977},
  pages = {739--782},
  owner = {csfnf},
  timestamp = {2010.05.29}
}

@MISC{agdawiki2010,
  author = {{Agda Team}, The},
  title = {The {A}gda wiki},
  howpublished = {Available at {\tt http://wiki.portal.chalmers.se/agda/}},
  year = {2010},
  owner = {csfnf},
  timestamp = {2010.01.14},
  url = {http://wiki.portal.chalmers.se/agda/}
}

@INPROCEEDINGS{altenkirch1999exteq,
  author = {Thorsten Altenkirch},
  title = {Extensional Equality in Intensional Type Theory},
  booktitle = {14th Symposium on Logic in Computer Science},
  year = {1999},
  pages = { 412 -- 420 },
  file = {:altenkirch1999exteq.pdf:PDF},
  owner = {csfnf},
  timestamp = {2010.04.22}
}

@INPROCEEDINGS{altenkirch2007OTT,
  author = {Thorsten Altenkirch and Conor McBride and Wouter Swierstra},
  title = {Observational equality, now!},
  booktitle = {PLPV '07: Proceedings of the 2007 workshop on Programming languages
	meets program verification},
  year = {2007},
  pages = {57--68},
  address = {New York, NY, USA},
  publisher = {ACM},
  doi = {http://doi.acm.org/10.1145/1292597.1292608},
  file = {:altenkirch2007OTT.pdf:PDF},
  isbn = {978-1-59593-677-6},
  location = {Freiburg, Germany},
  owner = {csfnf},
  timestamp = {2010.01.14}
}

@INPROCEEDINGS{altenkirchMorris2009indexedCont,
  author = {Altenkirch, T. and Morris, P.},
  title = {Indexed Containers},
  booktitle = {Logic In Computer Science, 2009. LICS '09. 24th Annual IEEE Symposium
	on},
  year = {2009},
  pages = {277 -285},
  doi = {10.1109/LICS.2009.33},
  file = {:altenkirchMorris2009indexedCont.pdf:PDF},
  issn = {1043-6871},
  keywords = {Agda system;core type theory;data type-generic programming;data type-generic
	reasoning;indexed containers;inductive families;polymorphic functions;functional
	programming;genetic algorithms;},
  owner = {csfnf},
  timestamp = {2011.02.04}
}

@INPROCEEDINGS{backhouse1988meaning,
  author = {Roland Backhouse},
  title = {On the meaning and construction of the rules in {M}artin-{L}\"of's
	theory of types},
  booktitle = {Proceedings of the Workshop on general logic, Edinburgh, February,
	1987},
  year = {1988},
  editor = {Avron, A. and Harper, R. and Honsell, F. and Mason, I. and Plotkin,
	G.},
  volume = {ECS-LFCS-88-52},
  file = {:ECS-LFCS-88-52.pdf:PDF},
  owner = {csfnf},
  timestamp = {2010.01.07}
}

@ARTICLE{backhouse1989diytt,
  author = {Roland Backhouse and Paul Chisholm and Grant Malcolm and Erik Saaman},
  title = {{Do-it-yourself} type theory},
  journal = {Formal Aspects of Computing},
  year = {1989},
  volume = {1},
  pages = {19--84},
  number = {1},
  file = {:backhouse1989diytt.pdf:PDF},
  owner = {csfnf},
  publisher = {Springer},
  timestamp = {2010.01.07}
}

@ARTICLE{benke2003universes,
  author = {Marcin Benke and Peter Dybjer and Patrik Jansson},
  title = {Universes for Generic Programs and Proofs in Dependent Type Theory},
  journal = {Nordic Journal of Computing},
  year = {2003},
  volume = {10},
  pages = {265--269},
  file = {:Benke03universesfor.pdf:PDF},
  owner = {csfnf},
  timestamp = {2010.01.06}
}

@BOOK{bishop1967book,
  title = {Foundations of constructive analysis},
  publisher = {McGraw-Hill},
  year = {1967},
  author = {Errett Bishop},
  owner = {csfnf},
  timestamp = {2010.05.26}
}

@BOOK{bishopBridges1985constructiveAnalysis,
  title = {Constructive analysis},
  publisher = {Berlin},
  year = {1985},
  author = {Bishop, Errett and Bridges, Douglas},
  owner = {csfnf},
  timestamp = {2010.05.26}
}

@BOOK{bridgesRichman1987varieties,
  title = {Varieties of constructive mathematics},
  publisher = {Cambridge University Press},
  year = {1987},
  author = {Douglas Bridges and Fred Richman},
  owner = {csfnf},
  timestamp = {2010.05.27}
}

@ARTICLE{buisseDybjer2008cwflccc,
  author = {Buisse, Alexandre and Dybjer, Peter},
  title = {The interpretation of intuitionistic type theory in locally cartesian
	closed categories -- an intuitionistic perspective},
  journal = {Electronic Notes in Theoretical Computer Science},
  year = {2008},
  volume = {218},
  pages = {21--32},
  file = {:buisseDybjer2008cwflccc.pdf:PDF},
  issn = {1571-0661},
  owner = {csfnf},
  publisher = {Elsevier},
  timestamp = {2011.01.07}
}

@ARTICLE{cantiniMinari1999insepEM,
  author = {Andrea Cantini and Pierluigi Minari},
  title = {Uniform inseparability in explicit mathematics},
  journal = {Journal of Symbolic Logic},
  year = {1999},
  volume = {64},
  pages = {313--326},
  number = {1},
  file = {:cantiniMinari1999insepEM.pdf:PDF},
  owner = {csfnf},
  publisher = {The Association for Symbolic Logic, Inc.},
  timestamp = {2010.03.10}
}

@ARTICLE{capretta1999universalAlgebra,
  author = {Venanzio Capretta},
  title = {Universal algebra in type theory},
  journal = {Theorem Proving in Higher Order Logics},
  year = {1999},
  pages = {839--839},
  file = {:capretta1999universalAlgebra.pdf:PDF},
  owner = {csfnf},
  publisher = {Springer},
  timestamp = {2010.06.08}
}

@ARTICLE{cartmell1986genAlgebra,
  author = {John Cartmell},
  title = {Generalised algebraic theories and contextual categories},
  journal = {Annals of Pure and Applied Logic},
  year = {1986},
  volume = {32},
  pages = {209 -- 243},
  file = {:cartmell1986genAlgebra.pdf:PDF},
  owner = {csfnf},
  timestamp = {2010.09.20}
}

@ARTICLE{chapman2009eatitself,
  author = {James Chapman},
  title = {Type theory should eat itself},
  journal = {Electronic Notes in Theoretical Computer Science},
  year = {2009},
  volume = {228},
  pages = {21--36},
  file = {:chapman2009eatitself.pdf:PDF},
  owner = {csfnf},
  publisher = {Elsevier},
  timestamp = {2010.01.07}
}

@ARTICLE{mcbride2010levitation,
  author = {James Chapman and Pierre-{\'E}variste Dagand and Conor McBride and
	Peter Morris},
  title = {The Gentle Art of Levitation},
  year = {2010},
  note = {Available from {\tt http://personal.cis.strath.ac.uk/{$\sim$}dagand/papers/levitation.pdf}},
  file = {:mcbride2010levitation.pdf:PDF},
  owner = {csfnf},
  timestamp = {2010.04.19}
}

@MISC{epigram2,
  author = {James Chapman and Pierre-{\'E}variste Dagand and Conor McBride and
	Peter Morris and Adam Gundry and Ulf Norell},
  title = {Epigram 2},
  howpublished = {{\tt http://www.e-pig.org/}},
  year = {2010},
  owner = {csfnf},
  timestamp = {2010.05.29}
}

@ARTICLE{chirimarHowe1991implementingRealAnalysis,
  author = {Jawahar Chirimar and Douglas Howe},
  title = {Implementing constructive real analysis (preliminary report)},
  journal = {Constructivity in Computer Science},
  year = {1991},
  pages = {165--178},
  file = {:chirimarHowe1991implementingRealAnalysis.ps:PostScript},
  owner = {csfnf},
  publisher = {Springer},
  timestamp = {2010.06.08}
}

@TECHREPORT{clairambault2006cwf,
  author = {Clairambault, Pierre},
  title = {From categories with families to locally cartesian closed categories},
  institution = {ENS Lyon},
  year = {2006},
  comment = {article on its way?},
  file = {:clairambault2006cwf.pdf:PDF},
  owner = {csfnf},
  timestamp = {2011.01.10}
}

@MISC{coq,
  author = {{Coq team}, The},
  title = {Coq},
  howpublished = {{\tt http://coq.inria.fr/}},
  year = {2010},
  owner = {csfnf},
  timestamp = {2010.06.08}
}

@CONFERENCE{coquand1992patternMatch,
  author = {Thierry Coquand},
  title = {Pattern matching with dependent types},
  booktitle = {Proceedings of the Workshop on Types for Proofs and Programs},
  year = {1992},
  pages = {85--92},
  file = {:coquand1992patternMatch.pdf:PDF},
  owner = {csfnf},
  timestamp = {2010.05.29}
}

@TECHREPORT{coquand1989metamathCIC,
  author = {Thierry Coquand},
  title = {Metamathematical investigations of a calculus of constructions},
  institution = {INRIA},
  year = {1989},
  type = {0},
  number = {{RR}-1088},
  month = {09},
  affiliation = {{INRIA} {R}ocquencourt - {INRIA} {R}ocquencourt - {INRIA} },
  file = {:coquand1989metamathCIC.pdf:PDF},
  owner = {csfnf},
  timestamp = {2010.04.12},
  url = {http://hal.inria.fr/inria-00075471/en/}
}

@INPROCEEDINGS{curryhoward1934curry,
  author = {Haskell Curry},
  title = {Functionality in Combinatory Logic},
  booktitle = {Proceedings of the National Academy of Sciences},
  year = {1934},
  pages = {584 -- 590},
  owner = {csfnf},
  timestamp = {2010.05.26}
}

@BOOK{curryhoward1958curry,
  title = {Combinatory Logic Vol. I},
  publisher = {Amsterdam: North-Holland},
  year = {1958},
  author = {Curry, Haskell and Feys, Robert},
  owner = {csfnf},
  timestamp = {2010.05.26}
}

@ARTICLE{danielsson2007formalisation,
  author = {Danielsson, Nils Anders},
  title = {A formalisation of a dependently typed language as an inductive-recursive
	family},
  journal = {Lecture Notes in Computer Science},
  year = {2007},
  volume = {4502},
  pages = {93--109},
  file = {:danielsson2007formalisation.pdf:PDF},
  owner = {csfnf},
  publisher = {Springer},
  timestamp = {2010.01.07}
}

@ARTICLE{dybjer2000IR,
  author = {Dybjer, Peter},
  title = {A general formulation of simultaneous inductive-recursive definitions
	in type theory},
  journal = {Journal of Symbolic Logic},
  year = {2000},
  volume = {65},
  pages = {525--549},
  number = {2},
  file = {:dybjer2000IR.pdf:PDF},
  owner = {csfnf},
  publisher = {The Association for Symbolic Logic, Inc.},
  timestamp = {2010.01.07}
}

@ARTICLE{dybjer1996Wtypes,
  author = {Dybjer, Peter},
  title = {Representing inductively defined sets by wellorderings in {M}artin-{L\"o}f's
	type theory},
  journal = {Theoretical Computer Science},
  year = {1997},
  volume = {176},
  pages = {329--335},
  number = {1-2},
  file = {:dybjer1996Wtypes.pdf:PDF},
  owner = {csfnf},
  publisher = {Elsevier},
  timestamp = {2010.09.27}
}

@ARTICLE{dybjer1996internalTT,
  author = {Dybjer, Peter},
  title = {Internal type theory},
  journal = {LNCS},
  year = {1996},
  volume = {1158},
  pages = {120--134},
  file = {:dybjer1996internalTT.pdf:PDF},
  owner = {csfnf},
  publisher = {Springer},
  timestamp = {2010.01.07}
}

@ARTICLE{dybjer1994indfam,
  author = {Dybjer, Peter},
  title = {Inductive families},
  journal = {Formal aspects of computing},
  year = {1994},
  volume = {6},
  pages = {440--465},
  number = {4},
  file = {:dybjer1994indfam.pdf:PDF},
  owner = {csfnf},
  publisher = {Springer},
  timestamp = {2010.01.07}
}

@ARTICLE{dybjersetzer2006IIR,
  author = {Dybjer, Peter and Setzer, Anton},
  title = {Indexed induction--recursion},
  journal = {Journal of logic and algebraic programming},
  year = {2006},
  volume = {66},
  pages = {1--49},
  number = {1},
  file = {:dybjersetzer2006IIR.pdf:PDF},
  owner = {csfnf},
  publisher = {Elsevier},
  timestamp = {2010.01.07}
}

@ARTICLE{dybjersetzer2003inalg,
  author = {Dybjer, Peter and Setzer, Anton},
  title = {Induction--recursion and initial algebras},
  journal = {Annals of Pure and Applied Logic},
  year = {2003},
  volume = {124},
  pages = {1--47},
  number = {1-3},
  file = {:dybjersetzer2003inalg.pdf:PDF},
  owner = {csfnf},
  publisher = {Elsevier},
  timestamp = {2010.01.07}
}

@CONFERENCE{dybjersetzer1999finax,
  author = {Dybjer, Peter and Setzer, Anton},
  title = {A Finite Axiomatization of Inductive-Recursive Definitions},
  booktitle = {TLCA'99},
  year = {1999},
  pages = {129--146},
  file = {:dybjerSetzer1999finiteAx.pdf:PDF},
  owner = {csfnf},
  timestamp = {2010.01.06}
}

@ARTICLE{feferman1979EM,
  author = {Solomon Feferman},
  title = {Constructive theories of functions and classes},
  journal = {Logic Colloqium '78},
  year = {1979},
  pages = {159--224},
  owner = {csfnf},
  publisher = {North-Holland, Amsterdam},
  timestamp = {2010.05.29}
}

@ARTICLE{fokkinga1996datatypeLaws,
  author = {Fokkinga, Maarten M.},
  title = {Datatype Laws Without Signatures},
  journal = {Mathematical Structures in Computer Science},
  year = {1996},
  volume = {6},
  pages = {1--32},
  bibsource = {http://dbappl.cs.utwente.nl/Docs/Publications/pub_bibtex.php?pub_id=0000003409},
  file = {:fokkinga1996datatypeLaws.pdf:PDF},
  issn = {0960-1295},
  owner = {csfnf},
  publisher = {Cambridge University Press},
  timestamp = {2010.12.06}
}

@ARTICLE{garner2009pitypes,
  author = {Garner, Richard},
  title = {On the strength of dependent products in the type theory of {M}artin-{L}{\"o}f},
  journal = {Annals of Pure and Applied Logic},
  year = {2009},
  volume = {160},
  pages = {1--12},
  number = {1},
  file = {:garner2009pitypes.pdf:PDF},
  owner = {csfnf},
  publisher = {Elsevier},
  timestamp = {2010.05.27}
}

@INPROCEEDINGS{geuvers2001inductionnonderivable,
  author = {Geuvers, Herman},
  title = {Induction is not derivable in second order dependent type theory},
  booktitle = {Typed lambda calculi and applications: 5th international conference,
	TLCA 2001, Krak{\'o}w, Poland, May 2-5, 2001: proceedings},
  year = {2001},
  pages = {166--181},
  publisher = {Springer},
  file = {:geuvers2001inductionnonderivable.pdf:PDF},
  journal = {Typed Lambda Calculi and Applications},
  owner = {csfnf},
  timestamp = {2010.04.19}
}

@INPROCEEDINGS{ghaniJohannFumex2010fibind,
  author = {Ghani, N. and Johann, P. and Fumex, C.},
  title = {Fibrational Induction Rules for Initial Algebras},
  booktitle = {Computer Science Logic},
  year = {2010},
  volume = {6247},
  series = {LNCS},
  pages = {336--350},
  organization = {Springer},
  file = {:ghaniJohannFumex2010fibind.pdf:PDF},
  owner = {csfnf},
  timestamp = {2011.02.14}
}

@PHDTHESIS{girard1972paradox,
  author = {Jean-Yves Girard},
  title = {Interpr{\'e}tation fonctionelle et {\'e}limination des coupures dans
	l'arithm{\'e}tique d'ordre sup{\'e}rieur},
  school = {University of Paris VII},
  year = {1972},
  owner = {csfnf},
  timestamp = {2010.01.14}
}

@INBOOK{mcBride2006elimPatternMatch,
  pages = {521--540},
  title = {Eliminating dependent pattern matching},
  publisher = {Springer},
  year = {2006},
  author = {Goguen, Healfdene and McBride, Conor and McKinna, James},
  volume = {4060},
  series = {Lecture Notes in Computer Science},
  file = {:mcBride2006elimPatternMatch.pdf:PDF},
  journal = {Algebra, Meaning and Computation},
  owner = {csfnf},
  timestamp = {2010.05.29}
}

@ARTICLE{goguenThatcherWagnerWright1977initialAlgebra,
  author = {Goguen, JA and Thatcher, JW and Wagner, EG and Wright, JB},
  title = {Initial algebra semantics and continuous algebras},
  journal = {Journal of the ACM},
  year = {1977},
  volume = {24},
  pages = {68--95},
  number = {1},
  issn = {0004-5411},
  owner = {csfnf},
  publisher = {ACM},
  timestamp = {2011.02.19}
}

@ARTICLE{grifforRathjen1994strengthML,
  author = {Griffor, Edward and Rathjen, Michael},
  title = {The strength of some {M}artin-{L\"o}f type theories},
  journal = {Archive for Mathematical Logic},
  year = {1994},
  volume = {33},
  pages = {347--385},
  number = {5},
  file = {:grifforRathjen1994strengthML.ps:PostScript},
  owner = {csfnf},
  publisher = {Springer},
  timestamp = {2010.02.25}
}

@PHDTHESIS{hagino1987phdthesis,
  author = {Tatsuya Hagino},
  title = {A Categorical Programming Language},
  school = {University of Edinburgh},
  year = {1987},
  file = {hagino1987phdthesis.pdf:hagino1987phdthesis.pdf:PDF},
  owner = {csfnf},
  timestamp = {2010.12.06}
}

@ARTICLE{hancock2009streamproc,
  author = {Hancock, Peter and Ghani, Neil and Pattinson, Dirk},
  title = {Representations of stream processors using nested fixed points},
  journal = {Logical Methods in Computer Science},
  year = {2009},
  volume = {5},
  pages = {1 -- 17},
  number = {3},
  file = {:hancock2009streamproc.pdf:PDF},
  owner = {csfnf},
  timestamp = {2010.01.18}
}

@ARTICLE{hyvernatHancock2006interfacesTopology,
  author = {Hancock, Peter and Hyvernat, Pierre},
  title = {Programming interfaces and basic topology},
  journal = {Annals of Pure and Applied Logic},
  year = {2006},
  volume = {137},
  pages = {189--239},
  number = {1-3},
  file = {:hyvernatHancock2006interfacesTopology.pdf:PDF},
  owner = {csfnf},
  publisher = {Elsevier},
  timestamp = {2010.05.17}
}

@ARTICLE{hermidaJacobs1998initInduction,
  author = {Claudio Hermida and Bart Jacobs},
  title = {Structural Induction and Coinduction in a Fibrational Setting},
  journal = {Information and Computation},
  year = {1998},
  volume = {145},
  pages = {107 -- 152},
  number = {2},
  file = {:hermidaJacobs1998initinduction.pdf:PDF},
  owner = {csfnf},
  timestamp = {2010.11.24}
}

@INCOLLECTION{hofmann1997syntaxsemantics,
  author = {Martin Hofmann},
  title = {Syntax and semantics of dependent types},
  booktitle = {Semantics and Logics of Computation},
  publisher = {Cambridge University Press},
  year = {1997},
  pages = {79 -- 130},
  file = {:hofmann1997syntaxsemantics.pdf:PDF},
  owner = {csfnf},
  timestamp = {2011.01.07}
}

@INPROCEEDINGS{hofmannStreicher1998groupoid,
  author = {Hofmann, Martin and Streicher, Thomas},
  title = {The groupoid interpretation of type theory},
  booktitle = {Twenty five years of constructive type theory},
  year = {1998},
  editor = {G. Sambin and J. Smith},
  pages = {83--111},
  address = {Oxford},
  publisher = {Oxford University Press},
  owner = {csfnf},
  timestamp = {2010.01.16}
}

@UNPUBLISHED{curryhoward1969howard,
  author = {Howard, William},
  title = {The formulae-as-types notion of construction},
  note = {Published in in Seldin, J., Hindley, R.: To H.B. Curry: Essays on
	Combinatory Logic, Lambda Calculus and Formalism},
  year = {1969},
  owner = {csfnf},
  timestamp = {2010.05.26}
}

@CONFERENCE{saibiHuet1998cats,
  author = {Huet, G{\'e}rard and Sa{\"i}bi, Amokrane},
  title = {Constructive category theory},
  booktitle = {Proceedings of the Joint CLICS-TYPES Workshop on Categories and Type
	Theory, Goteborg},
  year = {1998},
  organization = {Citeseer},
  file = {:saibiHuet1998cats.pdf:PDF},
  owner = {csfnf},
  timestamp = {2010.06.08}
}

@ARTICLE{johannghani2007inalgebraenough,
  author = {Johann, Patricia and Ghani, Neil},
  title = {Initial Algebra Semantics Is Enough!},
  journal = {Lecture Notes in Computer Science},
  year = {2007},
  volume = {4583},
  pages = {207 -- 222},
  file = {:johannghani2007inalgebraenough.pdf:PDF},
  owner = {csfnf},
  publisher = {Springer},
  timestamp = {2010.01.16}
}

@ARTICLE{jager2001universesEM,
  author = {J{\"a}ger, Gerhard and Kahle, Reinhard and Studer, Thomas},
  title = {Universes in explicit mathematics},
  journal = {Annals of Pure and Applied Logic},
  year = {2001},
  volume = {109},
  pages = {141--162},
  number = {3},
  file = {:jager2001universesEM.pdf:PDF},
  owner = {csfnf},
  publisher = {Elsevier},
  timestamp = {2010.03.10}
}

@ARTICLE{strahm2005reflection,
  author = {J{\"a}ger, Gerhard and Strahm, Thomas},
  title = {Reflections on reflections in explicit mathematics},
  journal = {Annals of Pure and Applied Logic},
  year = {2005},
  volume = {136},
  pages = {116--133},
  number = {1-2},
  file = {:strahm2005reflection.pdf:PDF},
  owner = {csfnf},
  publisher = {Elsevier},
  timestamp = {2010.01.18}
}

@ARTICLE{jaegerStrahm2001upperboundmahloEM,
  author = {J{\"a}ger, Gerhard and Strahm, Thomas},
  title = {Upper Bounds for Metapredicative {M}ahlo in Explicit Mathematics
	and Admissible Set Theory},
  journal = {The Journal of Symbolic Logic},
  year = {2001},
  volume = {66},
  pages = {935--958},
  number = {2},
  file = {:jaegerStrahm2001upperboundMahloEM.pdf:PDF},
  issn = {00224812},
  jstor_articletype = {primary_article},
  jstor_formatteddate = {Jun., 2001},
  owner = {csfnf},
  publisher = {Association for Symbolic Logic},
  timestamp = {2010.04.13},
  url = {http://www.jstor.org/stable/2695054}
}

@ARTICLE{jagerStrahm1995totality,
  author = {J{\"a}ger, Gerhard and Strahm, Thomas},
  title = {Totality in applicative theories},
  journal = {Annals of Pure and Applied Logic},
  year = {1995},
  volume = {74},
  pages = {105--120},
  number = {2},
  file = {:jagerStrahm1995totality.pdf:PDF},
  owner = {csfnf},
  publisher = {Elsevier},
  timestamp = {2010.03.15}
}

@INPROCEEDINGS{kahleSetzer2010mahloEM,
  author = {Reinhard Kahle and Anton Setzer},
  title = {An extended predicative definition of the {M}ahlo universe},
  booktitle = {Ways of Proof Theory. {F}estschrift on the occasion of {W}olfram
	{P}ohler's retirement},
  year = {2010},
  editor = {Ralf Schindler},
  series = {Ontos Series in Mathematical Logic},
  publisher = {Ontos Verlag},
  file = {:kahleSetzer2010mahloEM.pdf:PDF},
  owner = {csfnf},
  timestamp = {2010.02.17}
}

@ARTICLE{kahleStuder2000nameind,
  author = {Kahle, Reinhard and Studer, Thomas},
  title = {A Theory of {E}xplicit {M}athematics Equivalent to {ID_1}},
  journal = {Lecture notes in computer science},
  year = {2000},
  volume = {1862},
  pages = {356--370},
  file = {:kahleStuder2000nameind.pdf:PDF},
  owner = {csfnf},
  publisher = {Springer},
  timestamp = {2010.02.17}
}

@BOOK{luo1994monograph,
  title = {Computation and Reasoning: A Type Theory for Computer Science},
  publisher = {Oxford University press},
  year = {1994},
  author = {Zhaohui Luo},
  number = {11},
  series = {International Series of Monographs on Computer Science},
  file = {luo1994ECC.pdf:luo1994ECC.pdf:PDF},
  owner = {csfnf},
  timestamp = {2010.06.16}
}

@ARTICLE{maiettiVelentini1999powersets,
  author = {Maietti, Maria Emilia and Valentini, Silvio},
  title = {Can You Add Power-Sets to {M}artin-{L\"o}f's Intuitionistic Set Theory?},
  journal = {Mathematical Logic Quarterly},
  year = {1999},
  volume = {45},
  pages = {521--532},
  number = {4},
  file = {:maiettiValentini1999powersets.pdf:PDF},
  owner = {csfnf},
  timestamp = {2010.04.12}
}

@BOOK{martinlof1984bibliopolis,
  title = {Intuitionistic type theory},
  publisher = {Bibliopolis Naples},
  year = {1984},
  author = {Martin-L{\"o}f, Per},
  file = {:martinlof1984bibliopolis.pdf:PDF},
  owner = {csfnf},
  timestamp = {2010.01.07}
}

@ARTICLE{martinlof1982computer,
  author = {Per Martin-L{\"o}f},
  title = {Constructive Mathematics and Computer Programming},
  journal = {Studies in Logic and the Foundations of Mathematics},
  year = {1982},
  volume = {104},
  pages = {153--175},
  file = {:martinlof1982computer.pdf:PDF},
  owner = {csfnf},
  publisher = {JSTOR},
  timestamp = {2010.07.30}
}

@UNPUBLISHED{martinlof1972ITT,
  author = {Per Martin-L{\"o}f},
  title = {An intuitionistic theory of types},
  note = {Published in Twenty-Five Years of Constructive Type Theory},
  year = {1972},
  owner = {csfnf},
  publisher = {Oxford Logic Guides},
  timestamp = {2010.05.26}
}

@ARTICLE{matthes2008nested,
  author = {Matthes, Ralph},
  title = {Nested datatypes with generalized {M}endler iteration: map fusion
	and the example of the representation of untyped lambda calculus
	with explicit flattening},
  journal = {Lecture Notes in Computer Science},
  year = {2008},
  volume = {5133},
  pages = {220--242},
  file = {:matthes2008nested.pdf:PDF},
  owner = {csfnf},
  publisher = {Springer},
  timestamp = {2010.01.18}
}

@PHDTHESIS{mcbride1999thesis,
  author = {Conor McBride},
  title = {Dependently Typed Programs and their Proofs},
  school = {University of Edinburgh},
  year = {1999},
  file = {:mcbride1999thesis.ps:PostScript},
  owner = {csfnf},
  timestamp = {2010.05.18}
}

@ARTICLE{mcbride2006concon,
  author = {McBride, Conor and Goguen, Healfdene and McKinna, James},
  title = {A few constructions on constructors},
  journal = {Types for Proofs and Programs},
  year = {2006},
  pages = {186--200},
  file = {:mcbride2006concon.pdf:PDF},
  owner = {csfnf},
  publisher = {Springer},
  timestamp = {2010.10.04}
}

@PHDTHESIS{mendler1987thesis,
  author = {Mendler, Paul Francis},
  title = {Inductive Definition in Type Theory},
  school = {Cornell University},
  year = {1987},
  file = {:mendler1987thesis.pdf:PDF},
  owner = {csfnf},
  timestamp = {2010.08.03}
}

@PHDTHESIS{morris2007thesis,
  author = {Peter Morris},
  title = {Constructing Universes for Generic Programming},
  school = {University of Nottingham},
  year = {2007},
  file = {:morris2007thesis.pdf:PDF},
  owner = {csfnf},
  timestamp = {2010.05.24}
}

@PHDTHESIS{moellerfeld2002thesis,
  author = {Michael M{\"o}llerfeld},
  title = {Generalized Inductive Definitions},
  school = {Universit{\"a}t M{\"u}nster},
  year = {2002},
  file = {:moellerfeld2002thesis.pdf:PDF},
  owner = {csfnf},
  timestamp = {2010.02.23}
}

@ARTICLE{NPS2001handbook,
  author = {Nordstr{\"o}m, Bengt and Petersson, Kent and Smith, Jan},
  title = {{M}artin-{L}{\"o}f's type theory},
  journal = {Handbook of Logic in Computer Science: Logic and algebraic methods},
  year = {2001},
  file = {:NPS2001handbook.pdf:PDF},
  owner = {csfnf},
  publisher = {Oxford University Press, USA},
  timestamp = {2010.07.30}
}

@BOOK{NPS1990book,
  title = {Programming in {M}artin-{L}{\"o}f's type theory: an introduction},
  publisher = {Oxford University Press},
  year = {1990},
  author = {Nordstr{\"o}m, Bengt and Petersson, Kent and Smith, Jan},
  file = {:NPS1990book.pdf:PDF},
  owner = {csfnf},
  timestamp = {2010.01.08}
}

@INPROCEEDINGS{nordvallforsbergSetzer2010indind,
  author = {Nordvall Forsberg, Fredrik and Setzer, Anton},
  title = {Inductive-Inductive Definitions},
  booktitle = {Computer Science Logic},
  year = {2010},
  volume = {6247},
  series = {LNCS},
  pages = {454--468},
  publisher = {Springer},
  affiliation = {Swansea University},
  file = {nordvallforsbergSetzer2010indind.pdf:nordvallforsbergSetzer2010indind.pdf:PDF},
  owner = {csfnf},
  timestamp = {2011.02.03}
}

@PHDTHESIS{norell2007thesis,
  author = {Ulf Norell},
  title = {Towards a practical programming language based on dependent type
	theory},
  school = {Chalmers University of Technology},
  year = {2007},
  file = {:norell2007thesis.pdf:PDF},
  owner = {csfnf},
  timestamp = {2010.01.07}
}

@INPROCEEDINGS{palmgren1998twentyfiveyears,
  author = {Palmgren, Erik},
  title = {On universes in type theory},
  booktitle = {Twenty five years of constructive type theory},
  year = {1998},
  editor = {G. Sambin and J. Smith},
  pages = {191 -- 204},
  address = {Oxford},
  publisher = {Oxford University Press},
  owner = {csfnf},
  timestamp = {2010.01.16}
}

@TECHREPORT{palmgren2010famSetoids,
  author = {Erik Palmgren},
  title = {Remarks on the relation between families of setoids and identity
	in type theory},
  institution = {Institut Mittag-Leffler},
  year = {2010},
  number = {36, 2009 Fall},
  file = {:palmgren2010FamSetoids.pdf:PDF},
  owner = {csfnf},
  timestamp = {2010.05.14}
}

@ARTICLE{pollZwanenburg2001dialgebra,
  author = {Poll, Erik and Zwanenburg, Jan},
  title = {From algebras and coalgebras to dialgebras},
  journal = {Electronic Notes in Theoretical Computer Science},
  year = {2001},
  volume = {44},
  pages = {289--307},
  number = {1},
  file = {:pollZwanenburg2001dialgebra.pdf:PDF},
  issn = {1571-0661},
  owner = {csfnf},
  publisher = {Elsevier},
  timestamp = {2010.12.03}
}

@MISC{nuprl,
  author = {{PRL Group, Cornell}},
  title = {Nuprl},
  howpublished = {{\tt http://nuprl.org/}},
  year = {2006},
  owner = {csfnf},
  timestamp = {2010.06.08}
}

@CONFERENCE{rathjen2006artofordinal,
  author = {Rathjen, Michael},
  title = {The art of ordinal analysis},
  booktitle = {Proceedings of the International Congress of Mathematicians (ICM),
	Madrid, Spain},
  year = {2006},
  volume = {2},
  pages = {45--69},
  file = {:rathjen2006artofordinal.pdf:PDF},
  owner = {csfnf},
  timestamp = {2010.01.26}
}

@ARTICLE{rathjen1999monindEMmodels,
  author = {Michael Rathjen},
  title = {Explicit {M}athematics with the {M}onotone {F}ixed {P}oint {P}rinciple.
	{II}: {M}odels},
  journal = {Journal of Symbolic Logic},
  year = {1999},
  volume = {64},
  pages = {517 -- 550},
  number = {2},
  month = {June},
  file = {:rathjen1999monindEMmodels.pdf:PDF},
  owner = {csfnf},
  timestamp = {2010.02.23}
}

@ARTICLE{rathjen1998EMmonfix,
  author = {Rathjen, Michael},
  title = {Explicit mathematics with the monotone fixed point principle},
  journal = {The Journal of Symbolic Logic},
  year = {1998},
  volume = {63},
  pages = {509--542},
  number = {2},
  file = {:rathjen1998EMmonfix.pdf:PDF},
  owner = {csfnf},
  publisher = {Association for Symbolic Logic},
  timestamp = {2010.02.24}
}

@ARTICLE{rathjen1996monindEM,
  author = {Michael Rathjen},
  title = {Monotone Inductive Definitions in Explicit Mathematics},
  journal = {The Journal of Symbolic Logic},
  year = {1996},
  volume = {61},
  pages = {125--146},
  number = {1},
  file = {:rathjen1996monindEM.pdf:PDF},
  owner = {csfnf},
  timestamp = {2010.02.23},
  url = {citeseer.ist.psu.edu/rathjen96monotone.html}
}

@ARTICLE{streicherReus1999SDT,
  author = {Reus, Bernhard and Streicher, Thomas},
  title = {General synthetic domain theory -- a logical approach},
  journal = {Mathematical Structures in Computer Science},
  year = {1999},
  volume = {9},
  pages = {177--223},
  number = {02},
  file = {:streicherReus1999SDT.ps:PostScript},
  owner = {csfnf},
  publisher = {Cambridge Univ Press},
  timestamp = {2010.06.08}
}

@ARTICLE{sambin2003formalTopology,
  author = {Sambin, Giovanni},
  title = {Some points in formal topology},
  journal = {Theoretical Computer Science},
  year = {2003},
  volume = {305},
  pages = {347--408},
  number = {1},
  file = {:sambin2003formalTopology.pdf:PDF},
  owner = {csfnf},
  publisher = {Citeseer},
  timestamp = {2010.06.08}
}

@ARTICLE{schroeder-heister2007inversion,
  author = {Schroeder-Heister, Peter},
  title = {Generalized definitional reflection and the inversion principle},
  journal = {Logica Universalis},
  year = {2007},
  volume = {1},
  pages = {355--376},
  number = {2},
  file = {:schroeder-heister2007inversion.pdf:PDF},
  issn = {1661-8297},
  owner = {csfnf},
  publisher = {Springer},
  timestamp = {2010.12.16}
}

@INPROCEEDINGS{setzer2008inaccmahlo,
  author = {Anton Setzer},
  title = {Universes in type theory part {I} -- {I}naccessibles and {M}ahlo},
  booktitle = {Logic Colloquium '04},
  year = {2008},
  editor = {A. Andretta and K. Kearnes and D. Zambella},
  pages = {123 -- 156},
  publisher = {Association of Symbolic Logic, Lecture Notes in Logic 29, Cambridge
	University Press},
  file = {:setzer2008inaccmahlo.pdf:PDF},
  owner = {csfnf},
  timestamp = {2010.01.17}
}

@INPROCEEDINGS{setzer1999ordsystems,
  author = {Setzer, Anton},
  title = {Ordinal Systems},
  booktitle = {Sets and Proofs},
  year = {1999},
  editor = {Cooper B. and Truss, J.},
  pages = {301 -- 331},
  address = {Cambridge},
  publisher = {Cambridge University Press},
  file = {:setzer1999ordsystems.pdf:PDF},
  owner = {csfnf},
  timestamp = {2010.03.09}
}

@ARTICLE{setzer1998wellorderproofs,
  author = {Anton Setzer},
  title = {Well-ordering proofs for {M}artin-{L}{\"o}f's type theory with {W}-type
	and one universe},
  journal = {Annals of Pure and Applied Logic},
  year = {1998},
  volume = {92},
  pages = {113 -- 159},
  file = {:setzer1998wellorderproofs.pdf:PDF},
  owner = {csfnf},
  timestamp = {2010.01.14}
}

@UNPUBLISHED{setzer1996upperbound,
  author = {Anton Setzer},
  title = {An upper bound for the proof theoretical strength of {M}artin-{L}{\"o}f
	Type Theory with {W}-type and one Universe},
  note = {Draft},
  year = {1996},
  file = {:setzer1996upperbound.pdf:PDF},
  owner = {csfnf},
  timestamp = {2010.01.14}
}

@PHDTHESIS{setzer1993thesis,
  author = {Anton Setzer},
  title = {Proof theoretical analysis of {M}artin-{L}{\"o}f Type Theory with
	{W}-type and one Universe.},
  school = {Universit\"at M\"unchen},
  year = {1993},
  file = {:setzer1993thesis.pdf:PDF},
  owner = {csfnf},
  timestamp = {2010.01.14}
}

@ARTICLE{smith1989largeelim,
  author = {Smith, Jan},
  title = {{Propositional functions and families of types}},
  journal = {Notre Dame Journal of Formal Logic},
  year = {1989},
  volume = {30},
  pages = {442--458},
  number = {3},
  file = {:smith1989largeelim.pdf:PDF},
  owner = {csfnf},
  timestamp = {2010.04.21}
}

@MISC{streicher1993habil,
  author = {Thomas Streicher},
  title = {Investigations into intensional type theory},
  howpublished = {Habilitiation Thesis, Ludwig Maximilian Universit{\"a}t M{\"unchen}},
  year = {1993},
  file = {:streicher1993habil.pdf:PDF},
  owner = {csfnf},
  timestamp = {2010.04.23}
}

@ARTICLE{takahashi1989modelT0MID,
  author = {Takahashi, Shuzo},
  title = {Monotone inductive definitions in a constructive theory of functions
	and classes},
  journal = {Annals of pure and applied logic},
  year = {1989},
  volume = {42},
  pages = {255--297},
  number = {3},
  file = {:takahashi1989modelT0MID.pdf:PDF},
  owner = {csfnf},
  publisher = {Elsevier},
  timestamp = {2010.02.24}
}

@BOOK{troelstravanDalen1988book,
  title = {Constructivism in mathematics: an introduction},
  publisher = {Elsevier Science},
  year = {1988},
  author = {Troelstra, Anne Sjerp and van Dalen, Dirk},
  volume = {121},
  series = {Studies in logic and the foundations of mathematics},
  owner = {csfnf},
  timestamp = {2010.05.26}
}

@ARTICLE{tupailo2004intstrengthmonind,
  author = {Sergei Tupailo},
  title = {On the intuitionistic strength of monotone inductive definitions},
  journal = {Journal of Symbolic Logic},
  year = {2004},
  volume = {69},
  pages = {790 -- 798},
  number = {3},
  file = {:tupailo2004intstrengthmonind.pdf:PDF},
  owner = {csfnf},
  timestamp = {2010.02.23}
}

@ARTICLE{tupailo2003CZFintoEM,
  author = {Sergei Tupailo},
  title = {Realization of {C}onstructive {S}et {T}heory into {E}xplicit {M}athematics:
	a lower bound for impredicative {M}ahlo universe},
  journal = {Annals of Pure and Applied Logic},
  year = {2003},
  volume = {120},
  pages = {165--196},
  number = {1-3},
  file = {:tupailo2003CZFintoEM.ps:PostScript},
  owner = {csfnf},
  publisher = {Elsevier},
  timestamp = {2010.02.24}
}

@PROCEEDINGS{brouwerSymp1982,
  title = {The {L.E.J.}{B}rouwer Centenary Symposium},
  year = {1982},
  editor = {Troelstra, Anne Sjerp and van Dalen, Dirk},
  file = {:brouwerSymp1982.pdf:PDF},
  owner = {csfnf},
  timestamp = {2010.03.04}
}

